@inproceedings{ray2016naturalness,
  title={On the naturalness of buggy code},
  author={Ray, Baishakhi and Hellendoorn, Vincent and Godhane, Saheel and Tu, Zhaopeng and Bacchelli, Alberto and Devanbu, Premkumar},
  booktitle={Proceedings of the 38th International Conference on Software Engineering},
  pages={428--439},
  year={2016},
  organization={ACM}
}

@inproceedings{tu2014localness,
  title={On the localness of software},
  author={Tu, Zhaopeng and Su, Zhendong and Devanbu, Premkumar},
  booktitle={Proceedings of the 22nd ACM SIGSOFT International Symposium on Foundations of Software Engineering},
  pages={269--280},
  year={2014},
  organization={ACM}
}