@article{Papernot2016SemisupervisedKT,
  title={Semi-supervised Knowledge Transfer for Deep Learning from Private Training Data},
  author={Nicolas Papernot and Mart{\'i}n Abadi and {\'U}lfar Erlingsson and Ian J. Goodfellow and Kunal Talwar},
  journal={CoRR},
  year={2016},
  volume={abs/1610.05755}
}
@article{Papernot2018ScalablePL,
  title={Scalable Private Learning with PATE},
  author={Nicolas Papernot and Shuang Song and Ilya Mironov and Ananth Raghunathan and Kunal Talwar and {\'U}lfar Erlingsson},
  journal={CoRR},
  year={2018},
  volume={abs/1802.08908}
}

@inproceedings{Salimans2016ImprovedTF,
  title={Improved Techniques for Training GANs},
  author={Tim Salimans and Ian J. Goodfellow and Wojciech Zaremba and Vicki Cheung and Alec Radford and Xi Chen},
  booktitle={NIPS},
  year={2016}
}

@inproceedings{shokri2015privacy,
  title={Privacy-preserving deep learning},
  author={Shokri, Reza and Shmatikov, Vitaly},
  booktitle={Proceedings of the 22nd ACM SIGSAC conference on computer and communications security},
  pages={1310--1321},
  year={2015},
  organization={ACM}
}

@inproceedings{hitaj2017deep,
  title={Deep models under the GAN: information leakage from collaborative deep learning},
  author={Hitaj, Briland and Ateniese, Giuseppe and P{\'e}rez-Cruz, Fernando},
  booktitle={Proceedings of the 2017 ACM SIGSAC Conference on Computer and Communications Security},
  pages={603--618},
  year={2017},
  organization={ACM}
}
