@inproceedings{hitaj2017deep,
  title={Deep models under the GAN: information leakage from collaborative deep learning},
  author={Hitaj, Briland and Ateniese, Giuseppe and P{\'e}rez-Cruz, Fernando},
  booktitle={Proceedings of the 2017 ACM SIGSAC Conference on Computer and Communications Security},
  pages={603--618},
  year={2017},
  organization={ACM}
}

@inproceedings{shokri2015privacy,
  title={Privacy-preserving deep learning},
  author={Shokri, Reza and Shmatikov, Vitaly},
  booktitle={Proceedings of the 22nd ACM SIGSAC conference on computer and communications security},
  pages={1310--1321},
  year={2015},
  organization={ACM}
}

@inproceedings{abadi2016deep,
  title={Deep learning with differential privacy},
  author={Abadi, Martin and Chu, Andy and Goodfellow, Ian and McMahan, H Brendan and Mironov, Ilya and Talwar, Kunal and Zhang, Li},
  booktitle={Proceedings of the 2016 ACM SIGSAC Conference on Computer and Communications Security},
  pages={308--318},
  year={2016},
  organization={ACM}
}

@article{Phong2017PrivacyPreservingDL,
  title={Privacy-Preserving Deep Learning via Additively Homomorphic Encryption},
  author={Le Trieu Phong and Yoshinori Aono and Takuya Hayashi and Lihua Wang and Shiho Moriai},
  journal={IEEE Transactions on Information Forensics and Security},
  year={2017},
  volume={13},
  pages={1333-1345}
}

@inproceedings{46432,
title = {Learning Differentially Private Recurrent Language Models},
author  = {Brendan McMahan and Daniel Ramage and Kunal Talwar and Li Zhang},
year  = {2018},
URL = {https://arxiv.org/abs/1710.06963},
booktitle = {International Conference on Learning Representations (ICLR)}
}

@inproceedings{bonawitz2017practical,
  title={Practical Secure Aggregation for Privacy-Preserving Machine Learning},
  author={Bonawitz, Keith and Ivanov, Vladimir and Kreuter, Ben and Marcedone, Antonio and McMahan, H Brendan and Patel, Sarvar and Ramage, Daniel and Segal, Aaron and Seth, Karn},
  booktitle={Proceedings of the 2017 ACM SIGSAC Conference on Computer and Communications Security},
  pages={1175--1191},
  year={2017},
  organization={ACM}
}

