@inproceedings{shokri2017membership,
  title={Membership inference attacks against machine learning models},
  author={Shokri, Reza and Stronati, Marco and Song, Congzheng and Shmatikov, Vitaly},
  booktitle={Security and Privacy (SP), 2017 IEEE Symposium on},
  pages={3--18},
  year={2017},
  organization={IEEE}
}